1410 2546
187 56 288 116 74
515 44 793 99 CAva
852 42 954 100 tv.

115 146 293 224 rigida
313 186 328 213 ,
356 148 578 226 inqui5‚
608 147 721 203 h'aec
765 139 1035 208 assertid?
1073 150 1342 210 Videatur

118 231 294 306 rigida
311 270 326 296 ,
349 229 423 285 est
441 228 568 287 sane
586 251 730 286 vera.
767 234 882 287 Lex
898 231 973 289 est
999 239 1169 310 q‘uam
1196 235 1347 292 diui-

118 333 223 368 nus
244 312 441 368 Paulus
459 315 848 391 promulgauit
880 337 895 371 ε
927 318 1067 372 Non
1084 314 1184 372 ess'e
1201 316 1345 376 faci-

115 394 259 452 enda
279 396 422 452 mala
441 436 457 463 ,
490 414 552 454 vt
577 402 842 453 eueniant
870 396 1040 454 bona.
1086 398 1237 463 ‚ficut
1261 406 1347 460 ai..

115 496 221 535 unt
240 479 471 556 quidam
505 499 610 536 nos
633 480 816 536 dicere
840 521 856 548 ‚
883 483 1073 561 inquit
1106 505 1120 538 ε
1152 487 1344 543 Facia⁴

111 582 238 618 mus
286 562 430 618 mala
465 580 523 619 vt
570 566 800 619 veniant
844 563 998 621 hona
1025 605 1043 632 ,
1093 587 1342 643 quorum

112 645 402 702 damnatio
418 645 556 701 iusta
574 644 666 701 est.
687 666 718 700 a
737 651 899 703 Hanc
919 648 1071 704 Pauli
1089 651 1341 724 regulam

108 726 328 784 secutus
349 728 696 804 Augustinus
717 769 731 795 ‚
763 729 968 785 adrem
1015 732 1286 808 aptissime
1316 756 1332 790 ε

105 815 190 867 Ita
209 852 223 879 ,
245 815 432 888 inquit
448 851 462 876 ,
484 813 668 865 omnis
687 812 939 868 doeh-ina
956 817 1204 871 veritatis
1228 836 1335 872 au-

107 892 288 950 fertur
306 933 322 959 ,
342 894 543 949 cedens
570 893 1015 951 licentiofiffimae
1029 893 1273 966 falsitati,
1297 898 1335 954 si

108 976 408 1032 mendacio
428 975 514 1031 vel
559 974 814 1031 officioso
849 977 1110 1034 alicunde
1158 1001 1336 1056 pene-

109 1058 296 1114 trandi
314 1062 561 1136 aperitur
576 1058 754 1115 locus.
792 1061 910 1115 Aut
937 1063 1087 1114 enim
1106 1077 1332 1140 tempo..

107 1142 243 1197 ralia
283 1140 590 1197 commoda
617 1140 704 1195 vel
731 1145 957 1219 propria
988 1142 1077 1198 vel
1109 1144 1324 1213 aliena,

107 1227 329 1280 veritati
346 1226 622 1301 praeponit
649 1228 975 1300 quicunque
1007 1231 1281 1282 mentitur
1311 1250 1326 1283 z

107 1327 224 1384 quo
258 1305 393 1384 quid
410 1306 525 1362 fieri
550 1306 733 1383 potest
768 1303 1076 1383 peruersius
1107 1314 1125 1365 ?
1163 1309 1330 1364 Certe

104 1392 309 1444 iniuria
333 1391 458 1445 Deo
483 1387 637 1444 illata
665 1391 895 1464 grauior
921 1386 998 1443 est
1030 1392 1188 1443 omn}
1214 1388 1327 1443 hu..

104 1492 277 1528 mano
294 1472 463 1527 malo.
497 1471 849 1551 Qotmiliia
862 1468 1328 1529 sanffiffimorum

104 1561 419 1629 martyrum
459 1573 694 1609 omnem
728 1554 917 1630 potius
965 1550 1327 1628 sanguinem„

103 1637 422 1715 prodigere,
434 1639 491 1694 δε
504 1640 749 1692 animam
763 1656 861 1714 per
875 1635 1150 1693 stillicidia
1165 1640 1326 1692 emit-

104 1737 220 1775 tere
239 1759 255 1787 ‚
279 1718 451 1796 quizm
471 1722 642 1775 vnico
659 1717 709 1772 se
733 1718 1031 1775 mendacio
1049 1723 1191 1774 tueri
1217 1738 1327 1775 vo-

99 1802 346 1859 luerunt.
393 1802 584 1869 Vnde,
626 1807 703 1857 ait
730 1842 744 1868 ,
777 1801 1124 1877 Augustinus
1155 1799 1192 1857 fi
1213 1822 1319 1859 nee

98 1883 212 1961 ipsa
239 1886 352 1939 vita
385 1884 763 1962 praeponenda
789 1883 862 1940 est
893 1887 1148 1950 veritati,
1182 1883 1322 1959 quid

101 1965 276 2040 obijci
293 1965 492 2041 potest,
511 1985 744 2044 propter
761 1965 1321 2043 quodmentiendum

101 2044 202 2103 effe
233 2048 618 2114 contendant,
651 2052 747 2126 qui
774 2046 1079 2123 aliquando
1117 2062 1319 2123 putant

100 2145 366 2207 oportere
382 2132 608 2185 mentiri
635 2133 695 2188 ?b
724 2134 914 2184 Omne
933 2129 1312 2196 mendacium,

97 2228 396 2290 peccatum
430 2209 537 2278 est,
565 2211 681 2268 im&
731 2213 933 2278 etia-m,
963 2227 1022 2267 vt
1045 2209 1317 2286 Augusti-

1125 2313 1231 2351 nus

158 2399 187 2436 a
201 2389 398 2448 Rom.c.3
410 2385 524 2437 θλ,
569 2383 600 2431 b
626 2383 829 2449 Au2.!.de
842 2384 1031 2456 mendgc.
1036 2405 1089 2449 7.
