1404 2597
201 51 354 118 596
485 49 757 106 CAPVT
819 51 1009 109 XXX.

137 128 273 206 fiola
289 190 304 217 ,
323 147 520 207 otiosa.
573 175 589 194 ε
608 142 853 208 AEternae
868 151 1120 208 veritatis
1145 150 1222 208 est
1234 153 1354 210 Do..

137 236 415 288 minicum
447 233 556 289 hoc
572 231 834 307 effatum.
857 238 1001 290 Dico
1030 250 1219 290 autem
1238 256 1349 292 vo-

132 314 246 383 bis,
290 319 562 394 quoniam
587 318 756 374 omne
797 315 1035 373 verbum
1052 315 1348 385 otiosum,

132 400 297 476 quod
340 399 522 455 locuti
555 397 767 455 fuerint
785 399 1080 466 homines,
1110 400 1350 456 reddent

128 497 410 538 ratronem
425 481 491 537 de
507 487 649 537 eoin
665 483 751 538 die
775 484 983 557 iudicij.
1000 502 1032 537 a
1065 485 1211 538 Dico
1234 503 1345 538 vo-

128 563 318 632 bis,vt
363 565 579 622 mature*
602 568 974 643 praecogitetis
992 604 1006 631 ‚
1028 564 1182 642 quod
1211 564 1345 642 sup..

126 647 362 725 plicium
379 665 602 704 maneat
628 646 1085 725 obtre'c‘tatchS,
1104 646 1345 701 menda-

124 732 235 796 cia,
255 728 570 808 spurcitiaS,
603 729 995 807 blasphemias,
1017 730 1145 784 cum
1172 732 1341 786 etiam

125 832 283 871 vana,
303 812 538 875 ludicra,
559 812 756 879 otiosa,
777 815 990 868 nemini
1013 815 1180 867 noxia
1213 832 1339 868 ver..

127 894 196 950 ba
238 899 294 948 in
327 894 596 951 iudicium
626 892 879 950 seuerum
925 893 1031 949 sint
1067 895 1339 956 vocanda.

123 976 216 1034 Ad
233 997 350 1032 rem
370 977 567 1034 eximi&
583 977 720 1033 dixit
734 977 1070 1032 Bernardus:
1095 980 1244 1059 Qis
1265 975 1344 1033 sa-

125 1061 196 1117 n&
230 1077 491 1115 numeret
533 1076 769 1137 quantas
801 1060 1094 1115 modicum
1135 1059 1342 1134 lingua:

121 1141 442 1199 membrum
468 1143 768 1199 contrahat
793 1140 1176 1216 sordeszquam
1192 1140 1338 1197 mul..

120 1226 291 1303 tiplex
310 1227 367 1277 in
380 1224 540 1299 labijs
560 1221 959 1279 incircumcisis
976 1223 1338 1279 immunditia

117 1307 483 1383 coaguletur,
532 1306 705 1383 quam
743 1303 810 1360 fit
834 1307 1020 1379 grauis
1063 1308 1334 1379 pernicies

115 1394 226 1446 oris
262 1386 728 1465 incircumspecti.
846 1386 1117 1441 Estaenim
1139 1386 1336 1462 lingua

117 1468 375 1529 dissoluta
403 1474 459 1525 i'n
484 1467 837 1525 sermonibus
867 1465 1059 1523 otiofis
1079 1507 1095 1533 ,
1117 1467 1192 1524 est
1217 1470 1332 1525 lin-

112 1576 225 1632 gua
247 1553 533 1631 impudica
550 1594 564 1619 ‚
588 1552 663 1608 est
681 1555 738 1608 ὃς
767 1542 1166 1627 magniloquff,
1190 1572 1332 1628 qua-

112 1639 236 1694 rum
257 1639 434 1714 prima
457 1634 720 1701 lasciuiae,
743 1633 978 1711 sequens
1003 1637 1342 1709 arrogantiae‘

110 1716 434 1777 famulatur.
493 1717 582 1773 Est
606 1721 774 1773 etiam
814 1717 1008 1794 lingua
1051 1714 1341 1784 dolo'sa‚&‘

113 1807 251 1858 item
279 1800 472 1876 lingua
488 1799 785 1866 maledica,
805 1818 1044 1876 quarum
1074 1799 1245 1855 altera
1268 1800 1343 1854 in'

109 1881 466 1961 falsiloquam
513 1885 571 1940 &
601 1883 971 1939 adulatoriam
1018 1878 1338 1937 subdiuidi-'

115 1984 232 2021 tur:
252 1965 423 2021 altera
437 1964 573 2022 vero
590 1985 744 2021 nunc
768 1967 829 2018 in
857 1960 997 2019 facie
1026 1978 1332 2020 contume-

113 2048 213 2104 lias
261 2051 506 2122 irrogat,
542 2066 696 2103 nunc
733 2045 1006 2103 detrahit
994 2064 1052 2100 1n
1073 2044 1327 2101 occulto.

106 2125 349 2211 Qodfi
376 2130 441 2184 de
459 2133 619 2184 omni
647 2128 934 2224 velotioso
948 2118 1329 2205 verb0,quod-

1023 2216 1294 2287 cunque·

339 2315 367 2350 a
383 2301 679 2355 Matthsaz.
697 2307 783 2364 §53
801 2308 843 2355 6.
