1427 2574
150 38 248 96 Dr.
267 35 983 94 REvELANTJ-:LvaA-
1053 46 1083 107 3
1108 48 1199 108 45

23 136 196 205 'senex
212 182 228 209 ‚
249 141 458 199 militiae
471 136 825 218 peritiffimus
853 141 996 195 tanti
1021 138 1255 197 aestima-

30 231 120 282 uit
150 224 359 282 secreta
377 218 526 302 poss'e
563 238 867 297 contegere
883 262 900 288 ,
919 239 979 279 vt
1002 226 1257 279 interro-

28 325 195 384 gatus
211 348 226 375 ,
250 307 385 386 quid
401 309 459 361 in
480 303 808 382 sequentem
840 305 989 362 diem
1014 304 1257 374 iuberet,

25 393 264 451 dixerit:
297 394 353 447 Si
373 388 571 445 scirem
602 390 866 443 intimam
889 408 1075 445 meam
1105 393 1265 444 tuni...

36 495 162 534 cam
178 468 821 538 arcanimeiconsciam‚
841 473 898 526 in
922 474 1115 547 ignem
1141 492 1267 528 eam

25 560 355 634 ,abijcerem,
367 574 468 610 nec
492 557 652 608 enim
677 551 798 610 soli
783 573 860 608 m
884 554 1093 629 linguae
1121 557 1265 612 vitisz

15 642 148 708 cst,
168 640 347 697 aliena
360 636 569 694 secreta
596 633 837 703 effutire,
854 635 946 692 sed
961 642 1131 693 etiam
1148 633 1262 704 sua,

35 720 342 805 praesertim
373 720 520 798 apud
552 718 994 796 imprudentem.
1051 719 1265 775 Metel-

35 809 161 866 lum
184 803 403 860 secutus
422 808 609 860 Petrus
628 804 979 877 Aragonius·
965 845 980 870 ,
1003 800 1266 860 Combu-

0 908 190 953 ram,
211 885 423 951 aiebat,
443 887 696 940 tunicam
715 904 896 940 meam
926 887 1209 951 intimam,
1225 882 1268 942 fi

36 968 417 1029 -confflior‘um
448 986 708 1024 meorum
736 963 836 1021 effe
863 987 1097 1042 gnaram
1121 965 1264 1023 scie-

41 1073 130 1109 10.
193 1047 598 1129 Sapientiffime
637 1052 871 1104 monuit
931 1050 1205 1106 Salomon
1244 1071 1268 1105 z:

48 1130 305 1194 Caussam
331 1149 490 1188 tuam
506 1133 684 1188 tracia
698 1152 830 1188 cum
846 1135 1031 1188 amico
1052 1150 1188 1200 tu0‚
1209 1133 1272 1190 ὅς

41 1206 255 1276 secretu
274 1232 542 1275 extraneo
560 1235 630 1271 ne
657 1215 886 1271 reuelcs.
914 1235 946 1269 a
983 1220 1174 1295 Qam
1192 1213 1270 1271 ob

47 1296 287 1359 caussam
305 1297 475 1355 abbas
491 1299 818 1354 Antiochus
836 1298 992 1355 dixit.
997 1298 1275 1355 Vnicuilss

49 1382 147 1440 bet
163 1381 340 1439 obuio
364 1382 678 1436 concedere
691 1378 772 1436 sui
788 1383 1025 1458 ρεέὶοτίε
1040 1387 1268 1448 arcanii,

50 1465 109 1520 id
127 1463 402 1549 peculiare
422 1462 498 1518 est
513 1466 711 1518 animae
728 1461 951 1541 prorsus
966 1465 1276 1520 ineruditae:

47 1540 284 1603 Necesse
303 1543 405 1599 est
392 1548 566 1620 igitur
581 1544 974 1624 circumspecste
992 1547 1049 1603 ὃς
1069 1548 1280 1602 comite

49 1627 300 1690 consilio
316 1645 478 1701 agere
495 1629 705 1684 omnia.

139 1707 334 1767 infans
349 1709 481 1766 cum
496 1728 666 1766 manu
679 1709 918 1804 glaciem
931 1726 1111 1777 tenet,
1122 1708 1285 1765 breui

51 1793 182 1855 lusu
214 1790 266 1847 se
300 1791 540 1870 decipit,
562 1778 904 1871 cupere'tque
929 1791 1287 1870 perlucidum

55 1878 175 1935 hoc
195 1874 581 1950 crystallinum
598 1894 719 1930 non
734 1872 1135 1940 dimittere,sed
1154 1878 1287 1953 quia

62 1959 197 2034 gelu
220 1977 420 2014 manus
446 1957 659 2022 adurit,
679 1956 953 2032 gaudium
973 1954 1135 2012 suum
1162 1977 1290 2013 ma-

67 2038 236 2095 nibus
254 2039 396 2095 elabi
421 2037 549 2094 finit
567 2078 581 2103 ‚
602 2039 760 2116 quod
790 2041 990 2116 nequit
1017 2042 1292 2096 retinere:

16 2182 18 2186 f
69 2125 149 2177 ita
175 2118 234 2175 hi
262 2118 468 2197 pertusi
481 2140 598 2175 oris
613 2121 874 2176 hommes
892 2120 1135 2187 ,vellent
1162 2126 1295 2199 qui-

63 2204 204 2262 dem
236 2222 359 2258 non
386 2199 545 2293 inficli
569 2223 631 2258 ac
655 2203 804 2260 leues
821 2202 1027 2270 videri,
1044 2202 1135 2259 ied
1162 2208 1297 2281 quia
