1404 2597
484 73 844 129 Epaoevs.
1073 76 1223 144 659

62 183 249 243 verbis
301 183 556 259 expetit:
634 182 862 254 Digitus
912 179 1100 253 gratiae
1155 193 1281 246 tuae,
1330 205 1334 209 ·

58 269 394 331 Domum,
453 262 668 343 semper
713 277 945 320 moueat
985 261 1287 337 linguam...

54 370 278 416 meam,
325 364 598 425 tanquam
637 364 880 401 neruum
945 343 1167 400 citharae
1215 343 1287 401 ad

50 434 301 511 gloriam
328 447 502 487 tuam.
588 425 856 486 Concede
899 427 1072 494 mihi,
1101 426 1291 484 Salua-

52 532 183 582 tor,
201 515 544 593 petitionem
559 511 744 568 cordis
775 513 920 578 mei,
944 508 1156 588 fiatque
1172 509 1288 566 lin-

51 618 172 675 ,gua
222 610 346 653 mea
374 595 530 653 velut
553 594 767 653 cithara
783 593 858 651 ad
907 591 1288 653 resonandum

55 679 474 757 iugiterlaudes
503 694 642 736 tuas.
660 699 694 735 a

141 846 246 902 Hae
288 862 480 923 preces
506 859 639 901 tutae
667 841 817 902 sunt.
887 845 975 901 Da
1014 846 1224 922 igitur,
1253 845 1289 904 ὁ

56 930 246 994 Deus,
283 931 489 984 Panem
520 930 578 986 ὃς
598 930 894 1004 Linguam.
1000 930 1142 986 Non
1168 933 1291 1009 pri-

54 1013 338 1079 marium,
374 1030 496 1068 non
541 1012 777 1070 niueum
826 1012 886 1070 ὅτ
931 1009 1294 1071 dominicum

52 1093 332 1151 duntaxat
386 1095 446 1152 δε
492 1090 906 1171 similagineum
958 1091 987 1136 b
1031 1094 1291 1175 postula.

52 1193 182 1232 mus
202 1216 218 1244 ‚
271 1175 414 1234 satis>
433 1174 510 1233 est
527 1175 695 1235 nobis
747 1175 1005 1255 plebeius
1029 1182 1202 1247 etiam
1228 1181 1293 1241 ὅτ

57 1257 300 1317 cibarius
347 1262 510 1338 panis
555 1283 568 1318 ε
629 1259 809 1318 modo
836 1259 1001 1319 fimul
1047 1262 1142 1319 des
1167 1262 1288 1321 lin..

52 1361 227 1419 guam
259 1343 592 1410 candidam,
632 1342 702 1400 ab
731 1347 891 1401 omni
934 1341 1202 1404 fraudum
1231 1348 1292 1405 ἃς

54 1424 492 1499 mendaciorum
519 1423 735 1479 furfure
764 1443 1080 1503 purgatam.
1203 1431 1287 1485 Ita

50 1525 179 1564 non
199 1506 458 1584 improbe
487 1506 814 1582 rogabimus
849 1513 1289 1575 Panem·&Lin..

45 1609 234 1670 guam.
295 1589 532 1666 Alioqui
551 1588 783 1647 sanctius
803 1606 1117 1668 peteremus
1153 1614 1167 1650 e
1200 1597 1285 1652 Da

54 1692 297 1751 panem,
332 1676 391 1729 δε
418 1674 673 1747 linguam
707 1692 852 1749 nega
894 1695 907 1728 :
954 1678 1158 1733 Arcam
1187 1698 1291 1755 pa..

57 1758 278 1810 nariam
303 1753 508 1822 resera;
544 1758 754 1811 Arcam
790 1759 1022 1831 Linguae
1074 1756 1292 1820 obsera.

60 1836 360 1894 Naminde
388 1841 805 1894 nutrimentum
834 1842 985 1910 vitae3
1006 1840 1138 1898 hinc
1165 1843 1290 1921 ple-

63 1938 288 1996 nmque
311 1927 565 1978 toxicum
590 1924 648 1978 &
673 1919 926 1999 spumam
960 1928 1158 1981 mortis
1187 1926 1290 1982 de·-

64 2006 383 2079 promimus
402 2043 417 2071 ‚
437 2003 745 2082 nostroque
768 2023 876 2062 nos
900 2005 1094 2082 gladio
1122 2011 1296 2086 iugu-

75 2082 276 2138 iamus.

724 2165 791 2223 ff
831 2186 873 2242 4
1023 2176 1274 2252 Lingua

137 2267 162 2299 a
177 2252 361 2310 Ephrem
387 2256 436 2299 de
479 2257 744 2323 Faessionibus
759 2264 940 2313 Ammi.

140 2319 171 2365 b
189 2317 373 2374 [auter
393 2321 606 2382 &emim
619 2332 713 2382 §mo
727 2331 1027 2394 §pettenhu-
