1427 2574
212 48 585 110 Daoi-tosti
610 49 897 105 Lmen.
1046 59 1072 103 1
1101 59 1191 115 99

28 171 340 214 noceamus
358 154 671 233 loquendo.
726 155 795 206 Et
814 151 921 228 quii
939 153 1156 206 ratione
1189 151 1257 208 de

33 258 125 297 tot
143 243 394 295 centenis
419 237 665 295 millibus
693 234 1012 289 otiosorum
1045 235 1255 290 verbo-

31 342 158 380 rum
177 324 461 378 rationem
493 321 764 376 reddituri
794 315 1255 395 sumus?praeser..

34 409 138 463 tim
155 403 192 460 fi
220 421 309 460 tot
326 402 625 459 criminosa
642 442 658 468 ,
680 419 766 456 tot
795 398 924 458 fais-a
940 440 955 467 ,
976 418 1063 455 tot
1081 401 1255 456 luxu-

34 485 241 545 riosase
257 484 581 542 miscuerint
601 494 617 544 ?
637 483 699 539 fit
717 484 838 540 leue
871 483 1006 560 quid
1033 504 1144 539 vox
1171 486 1258 541 le-

35 576 183 637 uitet
213 570 459 648 prolata,
490 567 581 625 sed
611 571 730 623 iure
756 585 960 624 terreat
991 568 1259 623 multitu-

38 656 134 712 do,
153 650 491 710 leuiffimum
510 651 647 730 quid
675 651 866 729 pluma
899 650 1006 716 est,
1027 648 1118 707 sed
1146 670 1258 706 nu-

35 756 195 794 mero
219 754 416 811 graues
443 755 573 792 cum
595 735 833 812 plumbo
859 753 1104 802 certant3
1124 735 1260 812 quid

37 818 374 876 imbecillius
401 839 556 896 aquae
581 817 835 892 guttulssi,
868 815 959 872 sed
987 823 1264 895 repetita..

37 905 229 971 toties,
249 900 494 978 lapidem
513 916 694 956 canat.
757 902 930 956 Vnica
946 920 1057 955 vox
1083 899 1265 957 otiosa

41 985 203 1042 facile
229 983 400 1039 habet
417 986 638 1040 veniam
656 1023 671 1049 ,
692 980 784 1037 sed
807 982 937 1038 cum
957 1000 1118 1038 tanto
1149 1004 1283 1041 nu-.

41 1087 201 1123 mero
233 1083 596 1144 repetuntur,
626 1077 747 1120 non
779 1065 1089 1141 degrauent
1113 1085 1265 1122 mer-

44 1153 294 1228 geintque
310 1152 537 1208 nanim?
608 1148 745 1204 Ideo
773 1151 973 1205 Beatus
991 1146 1263 1205 Godefri-

42 1238 144 1291 dus
162 1231 424 1289 Ambiani
441 1229 629 1309 praesul
646 1271 660 1299 ‚
682 1230 1130 1310 quotiescunque
1159 1236 1266 1288 iter

36 1316 276 1381 faceret,
304 1318 540 1371 comites
566 1314 778 1393 semper
810 1314 957 1371 iuffit
983 1318 1266 1394 praecede-

42 1417 117 1453 re.
136 1394 370 1453 caussam
387 1396 613 1454 hui2isce
630 1402 802 1454 moris
817 1418 1046 1474 rogatus
1062 1439 1076 1464 ‚
1099 1401 1263 1464 dixit:

43 1485 132 1536 Ne
152 1478 341 1535 otiosis
369 1479 718 1538 sermonibus
751 1483 1002 1539 texendis
1025 1481 1088 1538 fit
1104 1503 1268 1538 occa-

47 1563 145 1620 sio,
207 1560 375 1616 Iobus
402 1561 506 1618 suis
549 1565 801 1621 cladibus
829 1569 941 1622 iam
970 1586 1146 1643 prope
1180 1563 1268 1636 se·-⁴

48 1645 272 1724 pultu5‚
294 1648 502 1701 amicos
530 1647 902 1704 nihilominus
927 1651 1108 1704 otiose
1132 1669 1266 1724 gar-

47 1733 253 1783 rientes
269 1725 698 1803 perstringit,&:
715 1732 801 1787 Ad
827 1733 1262 1809 increpandum,

45 1812 234 1886 inquit
251 1847 266 1874 ,
288 1810 508 1864 tantum
534 1813 760 1888 eloquia
781 1818 1141 1870 concinnatis
1160 1855 1174 1882 ‚
1208 1817 1267 1874 δε

43 1898 104 1947 in
123 1909 354 1947 ventum
372 1890 536 1948 verba
550 1892 830 1969 profertis.
848 1918 878 1950 a
940 1898 1152 1953 Merito
1172 1917 1266 1954 eos

43 1975 404 2050 reprehendit
432 1975 587 2031 velut
616 1975 974 2035 otiofiffimos
1001 1979 1287 2038 consola--

44 2074 213 2112 tores·
273 2059 497 2134 Auceps
512 2061 573 2112 in
592 2060 904 2119 Ardeatum
921 2082 1127 2120 venatu
1144 2086 1267 2121 non

43 2139 278 2195 dimittit
296 2140 594 2197 Falconem
609 2183 624 2208 ,
646 2143 744 2199 nifi
764 2149 916 2222 prius
936 2147 1134 2204 viderit
1151 2152 1266 2204 Ar..

38 2222 202 2278 deam
233 2244 246 2276 τ
282 2241 519 2280 venator
533 2221 670 2282 fune
690 2243 844 2284 tenet
872 2249 1070 2286 canem
1089 2271 1104 2297 ,
1130 2232 1269 2289 dum

33 2304 387 2383 conspexerit
401 2305 578 2366 feram
593 2335 609 2380 ς
626 2328 686 2368 at
698 2330 804 2369 nos
820 2315 1035 2371 incauti
1064 2316 1266 2374 euola-

96 2422 124 2454 a
144 2407 412 2465 Iob,c.6.9.2
432 2415 472 2459 ὅ.
874 2425 875 2428 “
976 2417 1034 2453 re
1050 2418 1179 2455 ver-
