1427 2574
185 68 292 124 'DE
319 70 575 124 'OrmsA
598 68 880 125 Lmen.
1037 82 1130 138 19
1154 80 1185 128 1

14 168 254 228 {stellam
270 191 492 252 portam
508 159 821 249 nunqnam„
835 166 1260 228 reserant'locu-

18 256 151 309 ‘turi
178 293 195 320 ‚
245 263 383 336 quin
422 260 700 330 Linguam
738 257 890 332 prius
937 269 1213 311 moneant
1231 274 1266 308 ·:-

21 340 261 411 ‚Lingua
275 339 391 417 qu&
408 338 559 395 vadis
577 348 594 396 ?
615 336 842 394 attende
863 335 986 405 tibi,
1009 356 1077 394 ne
1092 337 1261 391 nimis

17 437 246 493 :magno
263 421 429 477 nobis
447 420 568 488 stet,
588 415 845 498 prodijsse
859 421 917 473 in
935 419 1227 497 publicum
1241 457 1260 485 ‚

32 505 103 561 1&
121 504 374 560 locutam
393 499 513 559 effe.
550 503 797 560 Attende
816 501 949 570 tibi,
970 506 1028 560 ὅς
1047 501 1264 559 dumli.

22 604 131 643 ‹cet
149 627 164 654 ‚
186 584 329 644 disce
347 605 572 643 manere
587 586 745 642 domi
767 608 781 641 ε
816 590 1008 642 Omne
1024 582 1266 644 verbum

24 668 292 727 otiosum
311 709 327 738 ‚
347 667 862 726 subibitiudicium.

110 817 344 914 ‘'Qarta
400 833 742 890 damnorum
769 830 956 891 classis
1003 853 1016 887 :
1062 831 1264 892 otiosa

26 916 333 993 ‘colloquia
351 912 688 972 suffurantur
709 934 927 993 tempus
943 954 960 981 ,
979 919 1140 971 omni
1155 937 1261 973 au..

39 1019 107 1056 ro
127 1039 142 1065 ‚
186 998 458 1076 omnique
487 1002 708 1074 gemma
731 998 904 1073 longe
942 997 1259 1074 pretiosius.

28 1081 293 1160 quisquis
326 1081 457 1136 hinc
490 1079 683 1136 otiofis
715 1085 905 1154 naenijs
929 1077 1144 1137 auferat
1174 1082 1264 1140 vel

44 1165 305 1221 horulam
324 1203 340 1229 ,
363 1162 502 1219 nihil
522 1164 758 1240 dignum
775 1181 937 1220 tanto
969 1163 1264 1241 impendio

27 1248 357 1304 ‘redditurus
383 1244 475 1300 est.
512 1248 649 1325 Apis
676 1248 771 1304 illa
789 1247 1123 1303 Claraeuallis
1140 1250 1268 1304 Ber-

31 1329 268 1394 -nardu5‚
291 1327 324 1382 fi
344 1326 566 1405 vsquarn
584 1370 599 1396 ,
619 1329 764 1386 certe
786 1328 876 1385 hic
895 1329 1155 1386 aculeum
1170 1330 1268 1387 ha-

30 1411 171 1477 bet,
194 1431 361 1487 quem
388 1411 581 1468 otiofis
609 1413 716 1469 illis
743 1410 1266 1468 fabulatoribusin..

40 1492 218 1568 figens
250 1514 263 1546 :
297 1496 486 1556 Nemo
533 1494 776 1552 vestrfim
807 1535 823 1561 ‚
857 1497 1076 1572 inquit,
1110 1499 1269 1572 parui

32 1575 270 1631 oestimct
288 1593 504 1652 tempus
521 1578 675 1655 quod
694 1582 751 1632 in
772 1575 956 1632 verbis
977 1576 1267 1633 consumi-

49 1675 141 1714 tur
174 1655 385 1712 otiosis.
435 1661 723 1736 Siquidem
757 1679 976 1738 tempus
1001 1678 1266 1738 accepta-

27 1740 157 1796 -bile
177 1739 252 1793 est
267 1778 283 1803 ,
306 1741 360 1795 &
381 1738 494 1795 dies
509 1740 712 1797 salutis.
745 1743 913 1800 Volat
932 1742 1169 1798 verbum
1187 1747 1266 1798 ir-

47 1820 370 1879 reuocabile
388 1861 403 1887 ‚
442 1824 596 1879 volat
622 1842 841 1902 tempus
876 1824 1263 1892 irremeabile,

29 1925 150 1960 -nec
167 1903 410 1959 aduertit
435 1903 697 1982 insipiens
725 1906 861 1983 quid
883 1911 1124 1963 amittat.
1168 1910 1266 1964 Li-

48 1987 142 2042 bet
162 1984 550 2053 confabulari,
572 1991 751 2054 aiunt,
774 1988 956 2044 donec
976 1990 1117 2045 hora
1137 2010 1268 2066 prae..

45 2086 238 2125 tereat.
283 2074 335 2124 O
356 2068 537 2126 donec
560 2089 842 2147 praetereat
863 2071 1000 2129 hora
1035 2095 1046 2126 :
1073 2077 1125 2128 O
1157 2065 1267 2129 do*-

44 2171 150 2207 nec
167 2151 505 2229 pertranseat
527 2171 746 2229 tempus
783 2177 795 2208 :
842 2158 1044 2210 Donec
1085 2156 1268 2213 hora..

29 2250 361 2313 praetereat,
380 2257 551 2313 quarn
579 2235 763 2292 tibiad
789 2237 1064 2313 agendam
1091 2240 1267 2313 paeni-

32 2321 306 2386 ·tentlarn‚
326 2319 396 2376 ad
414 2318 787 2376 obtinendam
807 2324 1030 2377 veniam
1050 2360 1065 2386 ‚
1084 2321 1148 2374 ad
1168 2339 1266 2376 ac-

714 2405 734 2460 i
775 2421 809 2474 7
1037 2406 1270 2482 quiren-
