1404 2597
207 85 355 140 662
590 78 939 139 EPILOGVS.

138 187 511 245 midandum':
535 187 647 267 ipsa
673 211 815 247 vxor
843 207 970 259 tua,
999 190 1098 271 ipsi
1135 210 1355 270 cogna-

139 274 179 327 ti
210 277 292 328 tui
317 272 429 328 hoc
460 272 651 348 gladio
683 292 735 330 te
768 290 981 352 petent.
1043 278 1152 333 Hic
1186 293 1237 331 te
1269 281 1354 332 vi-

136 374 264 410 rum
289 355 478 434 praesta
504 379 517 411 :
560 360 853 433 experieris
883 359 1115 415 vulnera
1142 357 1354 415 verbo..

135 455 261 494 rum
287 436 575 494 acerbiora
601 436 701 495 effe
722 439 893 517 quarn
921 438 1067 497 ferri.
1104 441 1211 498 Sed
1229 447 1356 499 ani-

136 539 294 577 mum
334 520 571 578 obfirma
589 563 603 590 ⁷
627 522 718 579 hic
744 522 974 579 Vltimus
1003 523 1078 579 est
1101 526 1355 582 cacodae-

138 608 325 662 monis
349 608 518 674 arim,
564 617 732 685 quem
783 605 885 661 tibi
927 605 1259 662 admonebit
1292 624 1353 664 vt

130 705 344 744 euertat
372 706 488 751 te).
621 692 761 745 Non
788 686 956 744 habet
971 689 1355 746 vehementius

135 769 353 827 fulmen
381 772 538 851 quod
568 775 627 827 in
653 788 705 826 te
724 789 1019 848 torqueat,
1042 771 1214 850 quam
1249 766 1354 828 tuae

136 857 395 929 coniugis
437 858 495 913 &
533 858 765 929 cognati
802 851 1082 930 sanguinis
1109 855 1348 930 linguas,

134 937 300 996 Videt
349 938 557 1014 stygius
616 936 1020 1004 ballista1·ius‚a
1061 937 1188 1015 post
1217 936 1352 997 sub-

131 1018 311 1077 uersas
343 1036 541 1078 omnes
568 1017 826 1075 fortunas
846 1036 997 1086 tuaS,
1027 1020 1154 1098 post
1180 1040 1353 1077 neca-

134 1123 221 1162 tos
253 1123 451 1160 omnes
476 1103 684 1160 liberos
714 1119 872 1169 tuos»,
895 1103 1019 1181 post
1035 1122 1210 1160 omne
1228 1123 1353 1160 cor-

136 1207 238 1268 pus
269 1203 432 1243 tuum
462 1190 572 1243 iam
594 1187 754 1265 ,paene
787 1185 1147 1263 absumptum
1175 1188 1232 1244 δε
1257 1183 1353 1240 fu-

128 1286 425 1336 neratum,
477 1287 528 1324 te
561 1273 869 1324 etiamnum
902 1267 1082 1330 stare„
1117 1291 1130 1324 ε
1185 1268 1351 1325 Videt

134 1355 245 1410 hoc
266 1393 281 1419 ,
303 1355 360 1409 ὃς
385 1352 539 1411 dolet
558 1349 609 1405 se
625 1354 805 1419 vinci3
825 1348 1016 1406 fremit
1044 1373 1107 1407 ac
1133 1350 1350 1410 saeuie..

139 1442 330 1516 Qare
379 1434 634 1514 vltimam
684 1431 906 1489 suarum
962 1433 1353 1490 machinarum

134 1525 244 1575 iam
265 1517 522 1595 expediet
549 1519 606 1570 in
627 1533 713 1585 te;
741 1519 852 1570 iam
881 1535 1052 1572 omne
1072 1515 1158 1572 sui
1183 1513 1350 1572 furo--

130 1607 200 1660 ris
230 1603 523 1677 ingenium
550 1597 962 1665 effundet‚··iam
1005 1599 1075 1656 ad
1101 1616 1349 1657 extrema

133 1683 457 1750 descendet,
506 1680 726 1739 suarum
778 1684 999 1737 virium‘
1024 1686 1139 1738 vim
1166 1685 1350 1737 maxi-

126 1788 274 1824 mam
304 1775 622 1823 tentaturus
654 1787 677 1820 -:
709 1768 912 1821 onris
951 1768 1008 1823 δε
1032 1768 1349 1822 amicorum

127 1852 334 1926 linguis
360 1853 419 1904 in
449 1866 501 1904 te
524 1847 817 1926 pugnabit.
908 1847 1016 1904 Hic
1045 1850 1244 1904 animis
1277 1868 1346 1902 0-

129 1955 261 2012 ρης,
284 1935 318 1990 ὃ
345 1931 508 1998 lohe,
538 1931 628 1986 hic
657 1931 880 2007 peetore
902 1927 1084 1987 firmo,
1193 1932 1343 2004 Ergo

127 2015 411 2081 animose,
476 2033 612 2088 ergo
669 2010 893 2068 fortiter
939 2015 1015 2069 δε·
1049 2011 1345 2087 intrepide.

129 2103 223 2156 Sta
245 2139 259 2165 ,
282 2101 338 2157 &
372 2096 674 2155 virulentas
692 2096 910 2171 linguas
941 2098 1145 2172 partim
1172 2091 1342 2150 filen.

1091 2208 1096 2212 ·
1179 2191 1283 2243 tio,

269 2371 294 2403 a
308 2353 425 2413 „foer
441 2352 648 2420 fermari}
665 2337 1080 2414 &anemonen-
