1410 2546
221 58 984 138 ΙΒιεὶνῐεὶῑῡιςκῑιΙΛΜΝΔ.
1080 75 1105 119 1
1136 77 1227 132 1¹9

0 174 7 213 Ι
51 160 358 230 homines,
378 177 493 221 tarn
507 159 650 218 nihil
680 164 875 239 capitis
893 200 909 227 ,
943 175 1003 216 vt
1025 178 1130 216 nec
1159 157 1289 217 san-

0 237 8 297 i
50 243 696 305 ÷ffissimorumvirorum
710 245 1044 310 auctoritem,
1077 262 1182 300 nec
1196 263 1288 299 ra..

0 357 4 378 ε
61 332 146 384 tio
167 329 276 385 vlla
295 367 310 394 ,
333 347 436 384 nec
460 327 581 386 vllae
604 323 892 389 sacrorum
923 327 1288 386 voluminum

0 425 1 460 ἱ
56 415 229 467 minae
243 410 272 466 ὲ
292 409 846 466 τηεηῑίεῐιάἱΙίεεηῖίὲ
862 428 964 465 vos
978 407 1284 466 abducant.

23 532 26 538 Α
63 492 446 569 Augustinum
466 511 586 551 non
601 490 827 549 audistis
858 500 876 550 ?
905 495 1002 568 qui
1026 496 1287 548 morien-

46 576 198 634 2dum
224 576 411 653 potius
444 574 617 653 quiam
648 575 1043 631 mentiendum
1085 571 1280 631 asserit.

45 659 167 716 -Sed
187 657 570 734 Augustinurn
588 656 797 714 reduco
814 697 829 725 ,
849 659 948 735 qui
974 654 1162 713 vestris
1177 678 1281 715 vos

42 744 224 799 »armis
245 741 492 817 iugulat,
510 759 642 796 nam
660 741 814 797 velut
842 739 1042 796 vnus'e
1072 739 1235 796 vobis
1268 765 1282 797 ε

58 826 252 900 Siquis
289 863 304 889 ,
360 827 584 901 inquit,
626 823 694 879 ad
712 840 764 879 te
812 821 1144 899 confugiat,
1179 828 1277 901 qui

54 903 356 962 mendacio
373 924 473 961 tuo
491 903 673 982 poffit,
697 921 878 961 morte
893 904 1136 972 liberari,
1159 926 1280 962 non

42 1007 112 1044 ἐς
127 991 502 1045 mentiturus?
530 985 567 1040 si
593 988 794 1065 aliquis
827 1004 1067 1064 aegrotus
1094 991 1277 1044 inter-

45 1089 221 1145 ·roget
236 1111 251 1137 ,
275 1071 431 1146 quod
450 1067 645 1124 eiscirc
662 1089 782 1125 non
801 1071 1053 1147 expedit,
1072 1074 1275 1148 quiet-

54 1156 166 1208 iam
183 1150 346 1230 poffit
366 1169 419 1206 te
436 1171 557 1205 non
572 1149 945 1230 respondente
962 1154 1187 1229 grauius
1201 1149 1280 1210 af-

50 1235 169 1308 fligi
185 1256 198 1288 ε
214 1233 517 1290 audebisne
537 1251 632 1290 aut
647 1255 843 1291 verum
859 1236 1040 1293 dicere
1055 1239 1114 1291 in
1143 1255 1273 1314 per-

39 1315 549 1383 *niciemhominiffi
584 1335 680 1373 aut
706 1317 858 1375 silere
882 1317 1074 1396 potius
1102 1319 1275 1397 quzim

49 1397 291 1454 honesto
308 1401 365 1456 &
379 1398 722 1456 misericordi
742 1400 1039 1457 mendacio
1059 1402 1273 1457 valetu-

50 1480 170 1535 dini
186 1482 299 1535 eius
313 1483 581 1559 opitulari
599 1492 616 1542 ἓ
634 1484 887 1561 Exempli
902 1481 1113 1540 caussa:
1132 1486 1271 1540 Gra-

49 1564 108 1618 ui
147 1561 351 1619 morbo
394 1565 744 1641 periclitatur
782 1583 1022 1642 aegrotus
1050 1605 1066 1632 ,
1108 1570 1268 1623 cuius

45 1646 160 1704 iarn
177 1645 318 1698 vires
330 1642 470 1702 ferre
488 1644 830 1726 nonpossint
846 1687 860 1714 ,
883 1647 920 1703 fi
936 1652 986 1703 ei
1002 1664 1266 1705 mortuus

45 1728 244 1781 vnicus
278 1728 335 1783 ὃς
360 1726 697 1787 chariffimus
725 1727 869 1787 filius
923 1733 1219 1786 nuntietur
1248 1752 1263 1786 ε

39 1810 96 1865 Si
113 1807 142 1863 ὲ
162 1824 212 1861 te
233 1812 457 1884 quaerit,
477 1831 548 1866 an
565 1815 716 1868 viuat
735 1851 751 1878 ,
786 1832 957 1890 quem
994 1816 1170 1868 vitam
1193 1809 1263 1867 fi-

42 1884 175 1944 niffe
193 1905 251 1943 tu
271 1890 445 1957 nosti,
469 1891 603 1969 quid
618 1891 978 1970 respondebis
994 1934 1009 1962 ,
1029 1894 1259 1973 quando

5 1978 7 1980 “
42 1972 314 2048 quicquid
332 1973 482 2029 aliud
499 1975 696 2031 dixeris
723 1992 918 2052 praeter
942 1995 1118 2034 vnum
1145 1976 1261 2040 de..

0 2061 9 2142 f·
40 2051 250 2121 tribus;
279 2073 375 2112 aut
403 2073 662 2111 mortuus
692 2057 798 2129 est,
828 2072 925 2114 aut
950 2062 1123 2126 viuit,
1156 2079 1255 2115 aut

0 2143 6 2200 ἵ.
37 2133 226 2191 nescio
241 2175 257 2203 ,
275 2136 415 2194 nihil
430 2138 580 2194 aliud
596 2138 771 2195 credit
785 2140 877 2197 isse
903 2141 1077 2219 qucim
1093 2161 1252 2196 mor-

0 2201 7 2277 i
36 2234 237 2273 tuum:
269 2220 423 2298 quod
439 2221 775 2298 teinteliigit
806 2228 999 2286 timere
1032 2224 1247 2291 dicere,

0 2306 3 2328 ’·
34 2299 262 2359 &nolle
277 2307 501 2361 mentiri
521 2314 538 2364 ?
560 2307 918 2363 Tantundem
948 2305 1126 2370 valet,
1160 2323 1248 2361 et-

689 2386 717 2444 f
769 2408 799 2452 7
1035 2385 1190 2445 iamfi
