1427 2574
80 61 699 141 ῘΒΕδνΒςΛΝΝΑΝτΕ
721 59 1043 122 &c.L1N”G·
1113 73 1144 131 3
1161 77 1271 135 577

21 164 228 237 :goniae
274 163 332 218 ὅς
375 159 701 237 Neapoleos
751 161 899 227 Rex,
947 158 1058 214 hoc
1089 159 1272 238 ipsum

27 240 454 299 'sciscitantibus
470 246 547 298 ita
574 239 864 320 respondit
882 270 893 300 :
910 243 974 316 ij,
997 261 1141 319 quos
1160 265 1272 324 po-¹

46 327 216 402 dagra
244 325 492 405 puluillis
521 327 579 382 ὃς
600 324 814 381 lectulis
842 324 1048 400 affigit,
1078 326 1153 383 ob
1177 348 1272 406 pe..

25 443 27 445 ·
44 411 182 466 dum
200 406 709 465 vitiumambulare
725 427 846 463 non
870 403 1116 486 poffunt3
1137 411 1267 468 ideo

19 493 236 568 §lingua
281 510 400 569 quae
427 491 743 569 plerunque
775 493 836 546 in
879 493 944 565 ijs
970 489 1263 563 laniffima,

17 575 197 632 ··velut
229 571 620 631 ambulatione
666 572 1181 652 quadam-crebrius
1208 598 1269 634 vm

23 674 359 725 .tuntur,ne
376 673 584 715 extoto
617 673 901 735 torpeant.
936 655 1092 713 Idem
1111 657 1179 714 de
1201 662 1267 734 ijs

36 761 180 823 quos
207 741 462 815 chiragra
495 756 734 806 exercet,
758 738 1063 809 dicendum
1100 742 1262 798 vide-

18 842 146 881 itur.
180 821 423 880 Morbus
450 822 558 878 illis
576 841 851 878 manuum
879 821 1032 878 vsum
1053 842 1223 901 negat
1242 867 1257 894 ,

17 905 707 987 prohibetquecalamum
728 905 927 961 ducere
947 925 1114 981 :ergo
1139 907 1257 964 lin-

9 994 141 1066 ggua
171 992 291 1047 vice
318 987 518 1044 calami
556 1005 823 1055 Vtuntur,
855 988 962 1066 qua
990 992 1259 1055 ratione„

7 1071 281 1129 :scribunt
305 1075 637 1138 innumera,
677 1074 913 1127 &totos
961 1069 1093 1148 saepe
1138 1073 1252 1131 dies

11 1154 138 1212 ,hoc
168 1174 345 1211 vnum
367 1151 580 1209 habent
604 1158 818 1229 negorij
837 1195 852 1220 ,
884 1152 956 1208 fic
980 1151 1255 1232 scriptita-

4 1257 80 1294 zre
115 1261 129 1293 z
164 1240 348 1316 quinis
390 1237 622 1293 illorum
648 1257 778 1293 cum
807 1235 978 1315 psalte
1023 1237 1248 1297 dixerit:

10 1323 244 1397 'Lingua
272 1340 391 1379 mea
419 1321 665 1377 calamus
691 1317 912 1386 scribae,
930 1319 1249 1383 velociter-.-

20 1401 330 1459 scribentis.
348 1425 377 1458 a
441 1403 575 1470 Sed,
609 1405 689 1461 vti
723 1401 936 1458 diuersa
966 1401 1244 1483 estzscrip-

19 1488 135 1551 t10,
170 1489 247 1540 ita
288 1485 460 1560 longe
483 1482 842 1541 diuerfiffima
885 1483 962 1540 est
995 1485 1238 1556 locutio,

19 1567 176 1646 quod
192 1565 434 1622 Isidorus
461 1568 770 1645 explicans:
808 1565 1015 1633 Corde,
1031 1569 1239 1645 inquit,

18 1649 432 1728 beneloquitur
448 1689 463 1715 ,
485 1655 581 1727 qui
599 1647 928 1705 charitatem
948 1667 1070 1703 non
1099 1649 1243 1707 diss„

13 1734 214 1790 mulat.
280 1738 395 1789 Ore
427 1732 569 1788 bene
596 1728 885 1810 loquitur,
913 1733 1010 1809 qui
1029 1737 1239 1790 verita..

12 1833 129 1873 tem
158 1814 478 1872 annuntiat.
571 1817 738 1871 Paetis
780 1813 922 1869 bene
952 1814 1232 1892 loquitur,

11 1899 263 1978 quialios
283 1897 442 1954 bono
475 1898 733 1975 exemplo
752 1896 818 1951 ad
845 1895 1249 1974 probitatem-⁴·

8 1979 241 2057 format,
304 1982 491 2038 Corde
521 1980 663 2036 male
686 1980 973 2055 loquitur,
1003 1983 1099 2056 qui
1126 1981 1231 2038 co-

4 2064 311 2139 gitationes
332 2067 527 2118 noxias
548 2060 731 2118 secum
761 2059 870 2137 ipse
888 2064 1228 2137 agitat.Lin-

1 2144 112 2220 gua
135 2144 275 2201 male
291 2145 547 2222 loquitur
564 2185 579 2212 ,
596 2147 699 2222 'qui
727 2146 845 2198 iure
863 2143 1224 2220 reprehensus

2 2245 335 2283 murmurat.
417 2228 584 2282 facitis
631 2226 771 2283 male
805 2225 1083 2304 loquitur,
1125 2234 1223 2307 qui

759 2327 785 2363 r
801 2327 839 2378 7
1010 2310 1152 2367 male

143 2390 287 2455 al’sal.
303 2404 394 2451 44.
414 2391 456 2440 ἦ.
477 2405 525 2440 2.
