<?xml version="1.0" encoding="UTF-8"?>
<!DOCTYPE html PUBLIC "-//W3C//DTD XHTML 1.0 Transitional//EN"
    "http://www.w3.org/TR/xhtml1/DTD/xhtml1-transitional.dtd">
<html xmlns="http://www.w3.org/1999/xhtml" xml:lang="en" lang="en">
 <head>
  <title>
</title>
<meta http-equiv="Content-Type" content="text/html;charset=utf-8" />
  <meta name='ocr-system' content='tesseract 3.04.00' />
  <meta name='ocr-capabilities' content='ocr_page ocr_carea ocr_par ocr_line ocrx_word'/>
</head>
<body>
  <div class='ocr_page' id='page_1' title='image "./orbisphaethonsiv03drex_0339.png"; bbox 0 0 1427 2574; ppageno 0'>
   <div class='ocr_carea' id='block_1_1' title="bbox 219 8 1176 96">
    <p class='ocr_par' dir='ltr' id='par_1_1' title="bbox 219 8 1176 96">
     <span class='ocr_line' id='line_1_1' title="bbox 219 8 1176 96; baseline -0.003 -22"><span class='ocrx_word' id='word_1_1' title='bbox 219 13 304 74; x_wconf 65' lang='lat' dir='ltr'>Da</span> <span class='ocrx_word' id='word_1_2' title='bbox 326 8 965 96; x_wconf 68' lang='lat' dir='ltr'>ananmevAI</span> <span class='ocrx_word' id='word_1_3' title='bbox 1029 24 1118 85; x_wconf 13' lang='lat'>*31</span> <span class='ocrx_word' id='word_1_4' title='bbox 1146 26 1176 84; x_wconf 87' lang='lat'>5</span> 
     </span>
    </p>
   </div>
   <div class='ocr_carea' id='block_1_2' title="bbox 14 117 1259 2261">
    <p class='ocr_par' dir='ltr' id='par_1_2' title="bbox 17 117 1250 347">
     <span class='ocr_line' id='line_1_2' title="bbox 17 117 1250 205; baseline -0.005 -23"><span class='ocrx_word' id='word_1_5' title='bbox 17 121 154 205; x_wconf 67' lang='lat' dir='ltr'>apte</span> <span class='ocrx_word' id='word_1_6' title='bbox 170 119 474 199; x_wconf 86' lang='lat' dir='ltr'>respondet</span> <span class='ocrx_word' id='word_1_7' title='bbox 491 157 507 187; x_wconf 92' lang='lat'>,</span> <span class='ocrx_word' id='word_1_8' title='bbox 527 118 666 175; x_wconf 88' lang='lat' dir='ltr'>illud</span> <span class='ocrx_word' id='word_1_9' title='bbox 685 119 850 175; x_wconf 88' lang='lat' dir='ltr'>nimis</span> <span class='ocrx_word' id='word_1_10' title='bbox 865 117 1134 195; x_wconf 86' lang='lat' dir='ltr'>rugosum</span> <span class='ocrx_word' id='word_1_11' title='bbox 1149 117 1250 186; x_wconf 80' lang='lat' dir='ltr'>est,</span> 
     </span>
     <span class='ocr_line' id='line_1_3' title="bbox 29 199 1248 283; baseline -0.005 -20"><span class='ocrx_word' id='word_1_12' title='bbox 29 209 144 266; x_wconf 85' lang='lat' dir='ltr'>hoc</span> <span class='ocrx_word' id='word_1_13' title='bbox 159 205 391 283; x_wconf 83' lang='lat' dir='ltr'>planum</span> <span class='ocrx_word' id='word_1_14' title='bbox 407 204 590 256; x_wconf 87' lang='lat' dir='ltr'>nimis.</span> <span class='ocrx_word' id='word_1_15' title='bbox 629 200 775 256; x_wconf 69' lang='lat' dir='ltr'>Csim</span> <span class='ocrx_word' id='word_1_16' title='bbox 789 199 919 257; x_wconf 84' lang='lat' dir='ltr'>libri</span> <span class='ocrx_word' id='word_1_17' title='bbox 940 203 1248 281; x_wconf 85' lang='lat' dir='ltr'>aperiendi,</span> 
     </span>
     <span class='ocr_line' id='line_1_4' title="bbox 27 281 963 347; baseline -0.004 -3"><span class='ocrx_word' id='word_1_18' title='bbox 27 290 159 347; x_wconf 65' lang='lat' dir='ltr'>esim</span> <span class='ocrx_word' id='word_1_19' title='bbox 173 305 369 342; x_wconf 86' lang='lat' dir='ltr'>manus</span> <span class='ocrx_word' id='word_1_20' title='bbox 385 281 744 340; x_wconf 84' lang='lat' dir='ltr'>admouenda</span> <span class='ocrx_word' id='word_1_21' title='bbox 761 284 963 340; x_wconf 85' lang='lat' dir='ltr'>chartae</span> 
     </span>
    </p>

    <p class='ocr_par' dir='ltr' id='par_1_3' title="bbox 102 365 1259 446">
     <span class='ocr_line' id='line_1_5' title="bbox 102 365 1259 446; baseline -0.003 -20"><span class='ocrx_word' id='word_1_22' title='bbox 102 375 242 428; x_wconf 86' lang='lat' dir='ltr'>Tum</span> <span class='ocrx_word' id='word_1_23' title='bbox 259 370 526 446; x_wconf 83' lang='lat' dir='ltr'><em>querimur</em></span> <span class='ocrx_word' id='word_1_24' title='bbox 540 404 558 435; x_wconf 89' lang='lat'>,</span> <span class='ocrx_word' id='word_1_25' title='bbox 577 367 760 440; x_wconf 83' lang='lat' dir='ltr'><em>craffus</em></span> <span class='ocrx_word' id='word_1_26' title='bbox 774 369 972 422; x_wconf 79' lang='lat' dir='ltr'><em>calamo</em></span> <span class='ocrx_word' id='word_1_27' title='bbox 988 365 1259 445; x_wconf 71' lang='lat' dir='ltr'>qubdpen-</span> 
     </span>
    </p>

    <p class='ocr_par' dir='ltr' id='par_1_4' title="bbox 91 448 1253 775">
     <span class='ocr_line' id='line_1_6' title="bbox 201 448 547 510; baseline -0.009 -4"><span class='ocrx_word' id='word_1_28' title='bbox 201 451 322 506; x_wconf 75' lang='lat' dir='ltr'>deut</span> <span class='ocrx_word' id='word_1_29' title='bbox 335 448 547 510; x_wconf 87' lang='lat' dir='ltr'><em>humor,</em></span> 
     </span>
     <span class='ocr_line' id='line_1_7' title="bbox 91 526 1249 614; baseline 0 -26"><span class='ocrx_word' id='word_1_30' title='bbox 91 537 276 614; x_wconf 63' lang='lat' dir='ltr'>thra</span> <span class='ocrx_word' id='word_1_31' title='bbox 291 529 428 608; x_wconf 75' lang='lat' dir='ltr'><em>quod</em></span> <span class='ocrx_word' id='word_1_32' title='bbox 440 526 612 603; x_wconf 60' lang='lat' dir='ltr'>infusci</span> <span class='ocrx_word' id='word_1_33' title='bbox 625 533 863 604; x_wconf 76' lang='lat' dir='ltr'>vanescat</span> <span class='ocrx_word' id='word_1_34' title='bbox 864 532 1004 610; x_wconf 79' lang='lat' dir='ltr'>stpia</span> <span class='ocrx_word' id='word_1_35' title='bbox 1018 528 1219 610; x_wconf 59' lang='lat' dir='ltr'>{ymphaei</span> <span class='ocrx_word' id='word_1_36' title='bbox 1230 554 1249 588; x_wconf 89' lang='lat'>.·</span> 
     </span>
     <span class='ocr_line' id='line_1_8' title="bbox 109 611 1253 692; baseline -0.003 -19"><span class='ocrx_word' id='word_1_37' title='bbox 109 618 321 673; x_wconf 77' lang='lat' dir='ltr'><em>Dtlutas</em></span> <span class='ocrx_word' id='word_1_38' title='bbox 344 617 638 689; x_wconf 80' lang='lat' dir='ltr'><em>querimur,</em></span> <span class='ocrx_word' id='word_1_39' title='bbox 651 630 884 691; x_wconf 83' lang='lat' dir='ltr'>gemmet</span> <span class='ocrx_word' id='word_1_40' title='bbox 926 612 1063 692; x_wconf 59' lang='lat' dir='ltr'>qdod</span> <span class='ocrx_word' id='word_1_41' title='bbox 1073 611 1253 685; x_wconf 76' lang='lat' dir='ltr'><em>fistula</em></span> 
     </span>
     <span class='ocr_line' id='line_1_9' title="bbox 183 712 424 775; baseline 0.004 -26"><span class='ocrx_word' id='word_1_42' title='bbox 183 712 374 775; x_wconf 82' lang='lat' dir='ltr'><em>guttas.</em></span> <span class='ocrx_word' id='word_1_43' title='bbox 393 715 424 750; x_wconf 90' lang='lat' dir='ltr'>a</span> 
     </span>
    </p>

    <p class='ocr_par' dir='ltr' id='par_1_5' title="bbox 14 770 1259 2261">
     <span class='ocr_line' id='line_1_10' title="bbox 32 770 1257 858; baseline -0.003 -21"><span class='ocrx_word' id='word_1_44' title='bbox 32 785 236 858; x_wconf 86' lang='lat' dir='ltr'>Neque</span> <span class='ocrx_word' id='word_1_45' title='bbox 251 779 343 833; x_wconf 88' lang='lat' dir='ltr'>hic</span> <span class='ocrx_word' id='word_1_46' title='bbox 363 774 718 853; x_wconf 85' lang='lat' dir='ltr'>querelarum</span> <span class='ocrx_word' id='word_1_47' title='bbox 750 770 874 829; x_wconf 88' lang='lat' dir='ltr'>finis</span> <span class='ocrx_word' id='word_1_48' title='bbox 908 797 920 830; x_wconf 93' lang='lat'><strong>:</strong></span> <span class='ocrx_word' id='word_1_49' title='bbox 951 778 1068 832; x_wconf 82' lang='lat' dir='ltr'>Iam</span> <span class='ocrx_word' id='word_1_50' title='bbox 1086 793 1257 854; x_wconf 77' lang='lat' dir='ltr'>caput</span> 
     </span>
     <span class='ocr_line' id='line_1_11' title="bbox 34 855 1258 926; baseline -0.002 -7"><span class='ocrx_word' id='word_1_51' title='bbox 34 863 192 919; x_wconf 76' lang='lat' dir='ltr'>dolet</span> <span class='ocrx_word' id='word_1_52' title='bbox 218 901 233 926; x_wconf 88' lang='lat'>,</span> <span class='ocrx_word' id='word_1_53' title='bbox 269 863 381 915; x_wconf 80' lang='lat' dir='ltr'>iam</span> <span class='ocrx_word' id='word_1_54' title='bbox 418 858 737 913; x_wconf 84' lang='lat' dir='ltr'>stomachus</span> <span class='ocrx_word' id='word_1_55' title='bbox 774 855 1106 926; x_wconf 84' lang='lat' dir='ltr'>resoluitur,</span> <span class='ocrx_word' id='word_1_56' title='bbox 1142 864 1258 916; x_wconf 85' lang='lat' dir='ltr'>iam</span> 
     </span>
     <span class='ocr_line' id='line_1_12' title="bbox 36 941 1257 1006; baseline -0.002 -5"><span class='ocrx_word' id='word_1_57' title='bbox 36 943 439 1001; x_wconf 82' lang='lat' dir='ltr'>destillationes</span> <span class='ocrx_word' id='word_1_58' title='bbox 484 957 720 1006; x_wconf 83' lang='lat' dir='ltr'>vexant,</span> <span class='ocrx_word' id='word_1_59' title='bbox 756 959 909 996; x_wconf 89' lang='lat' dir='ltr'>nunc</span> <span class='ocrx_word' id='word_1_60' title='bbox 953 941 1167 998; x_wconf 84' lang='lat' dir='ltr'><strong>malum</strong></span> <span class='ocrx_word' id='word_1_61' title='bbox 1194 946 1257 998; x_wconf 86' lang='lat' dir='ltr'>in</span> 
     </span>
     <span class='ocr_line' id='line_1_13' title="bbox 33 1021 1257 1093; baseline -0.002 -10"><span class='ocrx_word' id='word_1_62' title='bbox 33 1028 312 1092; x_wconf 85' lang='lat' dir='ltr'>humeris,</span> <span class='ocrx_word' id='word_1_63' title='bbox 333 1026 565 1080; x_wconf 88' lang='lat' dir='ltr'>nuncin</span> <span class='ocrx_word' id='word_1_64' title='bbox 594 1021 849 1078; x_wconf 84' lang='lat' dir='ltr'>cruribus</span> <span class='ocrx_word' id='word_1_65' title='bbox 865 1022 941 1079; x_wconf 91' lang='lat' dir='ltr'>est</span> <span class='ocrx_word' id='word_1_66' title='bbox 965 1050 979 1093; x_wconf 82' lang='lat'>3</span> <span class='ocrx_word' id='word_1_67' title='bbox 1009 1028 1120 1080; x_wconf 86' lang='lat' dir='ltr'>iam</span> <span class='ocrx_word' id='word_1_68' title='bbox 1138 1025 1257 1082; x_wconf 79' lang='lat' dir='ltr'>cal-</span> 
     </span>
     <span class='ocr_line' id='line_1_14' title="bbox 34 1105 1252 1175; baseline -0.003 -9"><span class='ocrx_word' id='word_1_69' title='bbox 34 1110 194 1166; x_wconf 81' lang='lat' dir='ltr'>culus</span> <span class='ocrx_word' id='word_1_70' title='bbox 223 1105 480 1173; x_wconf 85' lang='lat' dir='ltr'>infestat,</span> <span class='ocrx_word' id='word_1_71' title='bbox 516 1108 627 1161; x_wconf 79' lang='lat' dir='ltr'>iam</span> <span class='ocrx_word' id='word_1_72' title='bbox 670 1105 863 1161; x_wconf 87' lang='lat' dir='ltr'>dentes</span> <span class='ocrx_word' id='word_1_73' title='bbox 903 1110 1252 1175; x_wconf 84' lang='lat' dir='ltr'>verminant,</span> 
     </span>
     <span class='ocr_line' id='line_1_15' title="bbox 30 1186 1252 1267; baseline -0.002 -19"><span class='ocrx_word' id='word_1_74' title='bbox 30 1197 143 1248; x_wconf 79' lang='lat' dir='ltr'>iam</span> <span class='ocrx_word' id='word_1_75' title='bbox 156 1193 363 1267; x_wconf 79' lang='lat' dir='ltr'>angina</span> <span class='ocrx_word' id='word_1_76' title='bbox 410 1191 653 1254; x_wconf 81' lang='lat' dir='ltr'>cruciat,</span> <span class='ocrx_word' id='word_1_77' title='bbox 679 1191 792 1243; x_wconf 84' lang='lat' dir='ltr'>iam</span> <span class='ocrx_word' id='word_1_78' title='bbox 832 1187 943 1244; x_wconf 88' lang='lat' dir='ltr'>cibi</span> <span class='ocrx_word' id='word_1_79' title='bbox 967 1186 1252 1247; x_wconf 81' lang='lat' dir='ltr'>fastidium</span> 
     </span>
     <span class='ocr_line' id='line_1_16' title="bbox 14 1271 1255 1350; baseline -0.007 -18"><span class='ocrx_word' id='word_1_80' title='bbox 14 1274 253 1350; x_wconf 72' lang='lat' dir='ltr'>affligit,</span> <span class='ocrx_word' id='word_1_81' title='bbox 277 1275 387 1328; x_wconf 85' lang='lat' dir='ltr'>iam</span> <span class='ocrx_word' id='word_1_82' title='bbox 405 1273 510 1327; x_wconf 80' lang='lat' dir='ltr'>alia</span> <span class='ocrx_word' id='word_1_83' title='bbox 529 1288 697 1348; x_wconf 81' lang='lat' dir='ltr'>atque</span> <span class='ocrx_word' id='word_1_84' title='bbox 713 1271 818 1327; x_wconf 80' lang='lat' dir='ltr'>alia</span> <span class='ocrx_word' id='word_1_85' title='bbox 833 1289 1107 1350; x_wconf 86' lang='lat' dir='ltr'>torquent</span> <span class='ocrx_word' id='word_1_86' title='bbox 1121 1314 1138 1341; x_wconf 93' lang='lat'>,</span> <span class='ocrx_word' id='word_1_87' title='bbox 1158 1271 1255 1328; x_wconf 84' lang='lat' dir='ltr'>sae-</span> 
     </span>
     <span class='ocr_line' id='line_1_17' title="bbox 31 1352 1259 1434; baseline 0.001 -23"><span class='ocrx_word' id='word_1_88' title='bbox 31 1378 99 1434; x_wconf 87' lang='lat' dir='ltr'>pe</span> <span class='ocrx_word' id='word_1_89' title='bbox 131 1357 319 1432; x_wconf 89' lang='lat' dir='ltr'>plures</span> <span class='ocrx_word' id='word_1_90' title='bbox 348 1353 536 1411; x_wconf 85' lang='lat' dir='ltr'>morbi</span> <span class='ocrx_word' id='word_1_91' title='bbox 563 1352 734 1431; x_wconf 54' lang='lat' dir='ltr'>quem</span> <span class='ocrx_word' id='word_1_92' title='bbox 748 1353 1028 1411; x_wconf 84' lang='lat' dir='ltr'>membra:</span> <span class='ocrx_word' id='word_1_93' title='bbox 1047 1358 1177 1433; x_wconf 83' lang='lat' dir='ltr'>quia</span> <span class='ocrx_word' id='word_1_94' title='bbox 1200 1377 1259 1412; x_wconf 90' lang='lat' dir='ltr'>v-</span> 
     </span>
     <span class='ocr_line' id='line_1_18' title="bbox 32 1434 1258 1495; baseline 0.002 -3"><span class='ocrx_word' id='word_1_95' title='bbox 32 1444 110 1493; x_wconf 83' lang='lat' dir='ltr'>nfi</span> <span class='ocrx_word' id='word_1_96' title='bbox 127 1436 358 1493; x_wconf 84' lang='lat' dir='ltr'>subinde</span> <span class='ocrx_word' id='word_1_97' title='bbox 387 1437 423 1492; x_wconf 78' lang='grc' dir='ltr'>ὲ-</span> <span class='ocrx_word' id='word_1_98' title='bbox 449 1434 675 1492; x_wconf 87' lang='lat' dir='ltr'>diuerfis</span> <span class='ocrx_word' id='word_1_99' title='bbox 706 1435 1003 1493; x_wconf 85' lang='lat' dir='ltr'>doloribus</span> <span class='ocrx_word' id='word_1_100' title='bbox 1030 1458 1258 1495; x_wconf 87' lang='lat' dir='ltr'>exerce-</span> 
     </span>
     <span class='ocr_line' id='line_1_19' title="bbox 39 1518 1255 1597; baseline 0.001 -22"><span class='ocrx_word' id='word_1_101' title='bbox 39 1537 159 1575; x_wconf 88' lang='lat' dir='ltr'>tur:</span> <span class='ocrx_word' id='word_1_102' title='bbox 190 1520 294 1575; x_wconf 90' lang='lat' dir='ltr'>hos</span> <span class='ocrx_word' id='word_1_103' title='bbox 310 1536 497 1574; x_wconf 86' lang='lat' dir='ltr'>autem</span> <span class='ocrx_word' id='word_1_104' title='bbox 515 1522 726 1595; x_wconf 85' lang='lat' dir='ltr'>aperire</span> <span class='ocrx_word' id='word_1_105' title='bbox 741 1559 756 1586; x_wconf 94' lang='lat'>‚</span> <span class='ocrx_word' id='word_1_106' title='bbox 777 1518 1076 1576; x_wconf 82' lang='lat' dir='ltr'>confilium</span> <span class='ocrx_word' id='word_1_107' title='bbox 1093 1538 1255 1597; x_wconf 87' lang='lat' dir='ltr'>pete-</span> 
     </span>
     <span class='ocr_line' id='line_1_20' title="bbox 37 1600 1252 1677; baseline 0.001 -20"><span class='ocrx_word' id='word_1_108' title='bbox 37 1621 127 1668; x_wconf 85' lang='lat' dir='ltr'>re,</span> <span class='ocrx_word' id='word_1_109' title='bbox 159 1600 405 1657; x_wconf 84' lang='lat' dir='ltr'>remedia</span> <span class='ocrx_word' id='word_1_110' title='bbox 443 1620 683 1677; x_wconf 86' lang='lat' dir='ltr'>quaerere</span> <span class='ocrx_word' id='word_1_111' title='bbox 711 1602 943 1656; x_wconf 66' lang='lat' dir='ltr'>minime</span> <span class='ocrx_word' id='word_1_112' title='bbox 981 1606 1252 1672; x_wconf 87' lang='lat' dir='ltr'>vetitum,</span> 
     </span>
     <span class='ocr_line' id='line_1_21' title="bbox 32 1682 1254 1762; baseline 0.002 -23"><span class='ocrx_word' id='word_1_113' title='bbox 32 1703 141 1740; x_wconf 87' lang='lat' dir='ltr'>nec</span> <span class='ocrx_word' id='word_1_114' title='bbox 157 1683 491 1738; x_wconf 87' lang='lat' dir='ltr'>indecorum</span> <span class='ocrx_word' id='word_1_115' title='bbox 510 1723 526 1750; x_wconf 83' lang='lat'>,</span> <span class='ocrx_word' id='word_1_116' title='bbox 543 1700 598 1739; x_wconf 82' lang='lat' dir='ltr'>at</span> <span class='ocrx_word' id='word_1_117' title='bbox 616 1682 750 1739; x_wconf 67' lang='lat' dir='ltr'>ver&amp;</span> <span class='ocrx_word' id='word_1_118' title='bbox 768 1687 1000 1762; x_wconf 88' lang='lat' dir='ltr'>queri&amp;</span> <span class='ocrx_word' id='word_1_119' title='bbox 1015 1703 1145 1740; x_wconf 87' lang='lat' dir='ltr'>cum</span> <span class='ocrx_word' id='word_1_120' title='bbox 1159 1689 1254 1742; x_wconf 83' lang='lat' dir='ltr'>in-</span> 
     </span>
     <span class='ocr_line' id='line_1_22' title="bbox 30 1763 1258 1843; baseline -0.001 -21"><span class='ocrx_word' id='word_1_121' title='bbox 30 1766 366 1842; x_wconf 80' lang='lat' dir='ltr'>dignatione</span> <span class='ocrx_word' id='word_1_122' title='bbox 393 1763 636 1820; x_wconf 83' lang='lat' dir='ltr'>miserias</span> <span class='ocrx_word' id='word_1_123' title='bbox 661 1765 781 1821; x_wconf 84' lang='lat' dir='ltr'>suas</span> <span class='ocrx_word' id='word_1_124' title='bbox 821 1765 1114 1843; x_wconf 86' lang='lat' dir='ltr'>deplorare</span> <span class='ocrx_word' id='word_1_125' title='bbox 1132 1807 1146 1834; x_wconf 90' lang='lat'>‚</span> <span class='ocrx_word' id='word_1_126' title='bbox 1169 1767 1258 1825; x_wconf 82' lang='lat' dir='ltr'>sa-</span> 
     </span>
     <span class='ocr_line' id='line_1_23' title="bbox 31 1847 1256 1929; baseline 0 -26"><span class='ocrx_word' id='word_1_127' title='bbox 31 1852 238 1929; x_wconf 89' lang='lat' dir='ltr'>pientis</span> <span class='ocrx_word' id='word_1_128' title='bbox 254 1849 458 1922; x_wconf 83' lang='lat' dir='ltr'>linguae</span> <span class='ocrx_word' id='word_1_129' title='bbox 472 1868 592 1902; x_wconf 89' lang='lat' dir='ltr'>non</span> <span class='ocrx_word' id='word_1_130' title='bbox 609 1847 701 1903; x_wconf 89' lang='lat' dir='ltr'>est.</span> <span class='ocrx_word' id='word_1_131' title='bbox 728 1853 859 1904; x_wconf 86' lang='lat' dir='ltr'>Haec</span> <span class='ocrx_word' id='word_1_132' title='bbox 875 1849 1079 1923; x_wconf 84' lang='lat' dir='ltr'>linguae</span> <span class='ocrx_word' id='word_1_133' title='bbox 1112 1871 1256 1928; x_wconf 84' lang='lat' dir='ltr'>que-</span> 
     </span>
     <span class='ocr_line' id='line_1_24' title="bbox 32 1929 1253 2008; baseline 0 -23"><span class='ocrx_word' id='word_1_134' title='bbox 32 1931 164 1986; x_wconf 84' lang='lat' dir='ltr'>rulae</span> <span class='ocrx_word' id='word_1_135' title='bbox 188 1930 382 2008; x_wconf 87' lang='lat' dir='ltr'>spuma</span> <span class='ocrx_word' id='word_1_136' title='bbox 415 1931 506 1986; x_wconf 88' lang='lat' dir='ltr'>est.</span> <span class='ocrx_word' id='word_1_137' title='bbox 556 1930 732 2007; x_wconf 72' lang='lat' dir='ltr'>Qudd</span> <span class='ocrx_word' id='word_1_138' title='bbox 765 1929 800 1984; x_wconf 76' lang='lat' dir='ltr'>ii</span> <span class='ocrx_word' id='word_1_139' title='bbox 828 1930 1013 2007; x_wconf 84' lang='lat' dir='ltr'>plures</span> <span class='ocrx_word' id='word_1_140' title='bbox 1041 1931 1253 1990; x_wconf 84' lang='lat' dir='ltr'>eiusce..</span> 
     </span>
     <span class='ocr_line' id='line_1_25' title="bbox 32 2013 1254 2088; baseline 0.003 -19"><span class='ocrx_word' id='word_1_141' title='bbox 32 2013 192 2069; x_wconf 83' lang='lat' dir='ltr'>modi</span> <span class='ocrx_word' id='word_1_142' title='bbox 210 2013 622 2070; x_wconf 84' lang='lat' dir='ltr'>lamentatrices</span> <span class='ocrx_word' id='word_1_143' title='bbox 639 2013 843 2087; x_wconf 80' lang='lat' dir='ltr'>lingua:</span> <span class='ocrx_word' id='word_1_144' title='bbox 872 2019 1254 2088; x_wconf 86' lang='lat' dir='ltr'>conueniant,</span> 
     </span>
     <span class='ocr_line' id='line_1_26' title="bbox 21 2095 1252 2175; baseline -0.001 -23"><span class='ocrx_word' id='word_1_145' title='bbox 21 2111 172 2152; x_wconf 86' lang='lat' dir='ltr'>-tunc</span> <span class='ocrx_word' id='word_1_146' title='bbox 189 2095 508 2175; x_wconf 71' lang='lat' dir='ltr'>saneplenis</span> <span class='ocrx_word' id='word_1_147' title='bbox 534 2096 682 2169; x_wconf 84' lang='lat' dir='ltr'>tibijs</span> <span class='ocrx_word' id='word_1_148' title='bbox 708 2111 985 2152; x_wconf 81' lang='lat' dir='ltr'>cantatur.</span> <span class='ocrx_word' id='word_1_149' title='bbox 1019 2101 1122 2154; x_wconf 86' lang='lat' dir='ltr'>Vix</span> <span class='ocrx_word' id='word_1_150' title='bbox 1145 2121 1252 2157; x_wconf 85' lang='lat' dir='ltr'>au-</span> 
     </span>
     <span class='ocr_line' id='line_1_27' title="bbox 18 2179 1250 2261; baseline 0.002 -25"><span class='ocrx_word' id='word_1_151' title='bbox 18 2194 150 2236; x_wconf 88' lang='lat' dir='ltr'>-tem</span> <span class='ocrx_word' id='word_1_152' title='bbox 172 2198 424 2257; x_wconf 81' lang='lat' dir='ltr'>vnquam</span> <span class='ocrx_word' id='word_1_153' title='bbox 475 2180 590 2235; x_wconf 84' lang='lat' dir='ltr'>duo</span> <span class='ocrx_word' id='word_1_154' title='bbox 617 2179 1062 2259; x_wconf 84' lang='lat' dir='ltr'>colloquuntur,</span> <span class='ocrx_word' id='word_1_155' title='bbox 1105 2185 1250 2261; x_wconf 78' lang='lat' dir='ltr'>quin</span> 
     </span>
    </p>
   </div>
   <div class='ocr_carea' id='block_1_3' title="bbox 178 2280 1166 2407">
    <p class='ocr_par' dir='ltr' id='par_1_6' title="bbox 178 2280 1166 2407">
     <span class='ocr_line' id='line_1_28' title="bbox 178 2280 1166 2407; baseline -0.001 -15"><span class='ocrx_word' id='word_1_156' title='bbox 178 2342 430 2407; x_wconf 59' lang='lat' dir='ltr'>al’ersssstt.</span> <span class='ocrx_word' id='word_1_157' title='bbox 449 2343 554 2401; x_wconf 48' lang='lat'>3³3.</span> <span class='ocrx_word' id='word_1_158' title='bbox 581 2358 668 2403; x_wconf 70' lang='lat'>37.</span> <span class='ocrx_word' id='word_1_159' title='bbox 1067 2280 1166 2320; x_wconf 65' lang='lat' dir='ltr'>am</span> 
     </span>
    </p>
   </div>
  </div>
 </body>
</html>
